<record><leader>00000cas a22000007a 4500</leader><controlfield tag="001">10761633</controlfield><controlfield tag="008">840522d19731973vauwr ne      0    0eng d</controlfield><datafield ind1=" " ind2=" " tag="010"><subfield code="a">sn 84025941 </subfield></datafield><datafield ind1=" " ind2=" " tag="040"><subfield code="a">NPV</subfield><subfield code="b">eng</subfield><subfield code="c">NPV</subfield><subfield code="d">DLC</subfield><subfield code="d">NPI</subfield><subfield code="d">NJW</subfield><subfield code="d">YOX</subfield><subfield code="d">CNK</subfield><subfield code="d">NVK</subfield><subfield code="d">NVF</subfield><subfield code="d">OCL</subfield><subfield code="d">OCLCF</subfield><subfield code="d">OCLCO</subfield></datafield><datafield ind1=" " ind2=" " tag="042"><subfield code="a">msc</subfield></datafield><datafield ind1="0" ind2="0" tag="050"><subfield code="a">Newspaper</subfield></datafield><datafield ind1="0" ind2=" " tag="130"><subfield code="a">Journal and guide (Norfolk, Va. : Home and Portsmouth ed.)</subfield></datafield><datafield ind1="0" ind2="0" tag="245"><subfield code="a">Journal and guide.</subfield></datafield><datafield ind1=" " ind2=" " tag="250"><subfield code="a">Home and Portsmouth ed.</subfield></datafield><datafield ind1=" " ind2=" " tag="260"><subfield code="a">Norfolk, Va. :</subfield><subfield code="b">Guide Pub. Co.,</subfield><subfield code="c">1973-1973.</subfield></datafield><datafield ind1=" " ind2=" " tag="300"><subfield code="a">v.</subfield></datafield><datafield ind1=" " ind2=" " tag="310"><subfield code="a">Weekly</subfield></datafield><datafield ind1="0" ind2=" " tag="362"><subfield code="a">Vol. 73, no. 5 (Feb. 3, 1973)-v. 73, no. 34 (Aug. 25, 1973).</subfield></datafield><datafield ind1=" " ind2=" " tag="530"><subfield code="a">Also available on microfilm from University Microfilms International.</subfield></datafield><datafield ind1=" " ind2="0" tag="650"><subfield code="a">African Americans</subfield><subfield code="z">Virginia</subfield><subfield code="v">Newspapers.</subfield></datafield><datafield ind1=" " ind2="0" tag="650"><subfield code="a">African American newspapers</subfield><subfield code="z">Virginia.</subfield></datafield><datafield ind1=" " ind2="0" tag="651"><subfield code="a">Norfolk (Va.)</subfield><subfield code="v">Newspapers.</subfield></datafield><datafield ind1=" " ind2="0" tag="651"><subfield code="a">Portsmouth (Va.)</subfield><subfield code="v">Newspapers.</subfield></datafield><datafield ind1=" " ind2="7" tag="655"><subfield code="a">Newspapers.</subfield><subfield code="2">fast</subfield><subfield code="0">(OCoLC)fst01423814</subfield></datafield><datafield ind1=" " ind2="7" tag="650"><subfield code="a">African American newspapers.</subfield><subfield code="2">fast</subfield><subfield code="0">(OCoLC)fst00799278</subfield></datafield><datafield ind1=" " ind2="7" tag="650"><subfield code="a">African Americans.</subfield><subfield code="2">fast</subfield><subfield code="0">(OCoLC)fst00799558</subfield></datafield><datafield ind1=" " ind2="7" tag="651"><subfield code="a">Virginia.</subfield><subfield code="2">fast</subfield><subfield code="0">(OCoLC)fst01204597</subfield></datafield><datafield ind1=" " ind2="7" tag="651"><subfield code="a">Virginia</subfield><subfield code="z">Norfolk.</subfield><subfield code="2">fast</subfield><subfield code="0">(OCoLC)fst01206844</subfield></datafield><datafield ind1=" " ind2="7" tag="651"><subfield code="a">Virginia</subfield><subfield code="z">Portsmouth.</subfield><subfield code="2">fast</subfield><subfield code="0">(OCoLC)fst01213398</subfield></datafield><datafield ind1=" " ind2=" " tag="752"><subfield code="a">United States</subfield><subfield code="b">Virginia</subfield><subfield code="d">Norfolk.</subfield></datafield><datafield ind1="0" ind2=" " tag="775"><subfield code="t">Journal and guide (Norfolk, Va. : National and Peninsula ed.)</subfield><subfield code="w">(DLC)sn 84025942</subfield></datafield><datafield ind1="0" ind2="4" tag="780"><subfield code="t">Journal and guide (Norfolk, Va. : Portsmouth ed.)</subfield><subfield code="w">(DLC)sn 84025936</subfield></datafield><datafield ind1="0" ind2="4" tag="780"><subfield code="t">Journal and guide (Norfolk, Va. : Home ed.)</subfield><subfield code="w">(DLC)sn 95079592</subfield></datafield><datafield ind1="0" ind2="7" tag="785"><subfield code="t">Journal and guide (Norfolk, Va. : National and Peninsula ed.)</subfield><subfield code="w">(DLC)sn 84025942</subfield></datafield><datafield ind1="0" ind2="7" tag="785"><subfield code="t">Journal and guide (Norfolk, Va. : Metro ed.)</subfield><subfield code="w">(DLC)sn 84025943</subfield></datafield></record>